@Misc{misc-kryonet,
  author       = {Esoteric Software},
  title        = {KryoNet: A Java Network Library Based on Kryo},
  howpublished = {GitHub Repository: \url{https://github.com/EsotericSoftware/kryonet}},
  year         = {2014},
}

@Misc{misc-libGDX,
  author       = {libGDX Team},
  title        = {libGDX: Cross-platform Game Development Framework},
  howpublished = {libGDX Official Website: \url{https://libgdx.com/}},
  year         = {2024},
}

@Misc{misc-box2d,
  author       = {libGDX Team},
  title        = {Box2D: A 2D Physics Engine for Games Integrated with libGDX},
  howpublished = {libGDX Documentation: \url{https://libgdx.com/wiki/graphics/2d/box2d}},
  year         = {2024},
}

@Misc{misc-tween,
  author       = {Aurelien Ribon},
  title        = {Universal Tween Engine: An Open-Source Java Tween Engine},
  howpublished = {GitHub Repository: \url{https://github.com/AurelienRibon/universal-tween-engine}},
  year         = {2015},
}

@Misc{misc-firebase,
  title        = {Firebase Documentation},
  author       = {Google},
  year         = {2023},
  howpublished = {Firebase Documentation: \url{https://firebase.google.com/docs?hl=es-419}},
}

@Misc{misc-canva,
  title     = {Canva: Herramienta de diseño gráfico en línea},
  author    = {Canva},
  howpublished = {Canva offical website: \url{https://www.canva.com/es_es/}},
}

@Misc{misc-android-developers,
  title        = {Android Developers: Guía oficial para desarrolladores},
  author       = {Google},
  howpublished = {Sitio web oficial de Android Developers: \url{https://developer.android.com/?hl=es-419}},
}





