@Misc{misc-bluetooth,
  author = {Omaflak},
  title =	 {BluetooLib: Bluetooth library for Android. GitHub Repository },
  howpublished = {Available on: \url{https://github.com/omaflak/BluetooLib}},
  year =	 2021
}

@Misc{misc-kryonetl,
  author = {Esoteric Software},
  title =	 { KryoNet: A Java network library based on Kryo. GitHub Repository. },
  howpublished = {Available on: \url{https://github.com/EsotericSoftware/kryonet}},
  year =	 2014
}

@Misc{misc-libGDX,
  author = {libGDX Team},
  title =	 {libGDX: Cross-platform game development framework. libGDX Official Website. },
  howpublished = {Available on: \url{https://libgdx.com/}},
  year =	 2024
}

@Misc{misc-box2d,
  author = {libGDX Team},
  title =	 { Box2D: A 2D physics engine for games integrated with libGDX. libGDX Documentation. },
  howpublished = {Available on: \url{https://libgdx.com/wiki/graphics/2d/box2d}},
  year =	 2024
}

@Misc{misc-tween,
  author = {Aurelien Ribon},
  title =	 {Universal Tween Engine: An open-source Java tween engine. GitHub Repository.},
  howpublished = {Available on: \url{https://github.com/AurelienRibon/universal-tween-engine}},
  year =	 2015
}
